@book {AbramowitzStegun,
    EDITOR = {M. Abramowitz and I. A. Stegun},
     TITLE = {Handbook of {M}athematical {F}unctions, with {F}ormulas, {G}raphs,
              and {M}athematical {T}ables},
    SERIES = {Graduate Studies in Mathematics},
 PUBLISHER = {Dover},
   ADDRESS = {New York},
      YEAR = {1965},
}


@techreport {AIAAGuidelines,
    AUTHOR = {AIAA},
     TITLE = {Guide for the {V}erification and {V}alidation of {C}omputational
              {F}luid {D}ynamics {S}imulations},
INSTITUTION = {American Institute of Aeronautics and Astronautics (AIAA)},
    NUMBER = {AIAA G-077-1998},
      YEAR = {1998},
}


@article {BamberVaughanJoughin,
    AUTHOR = {J. L. Bamber and D. G. Vaughan and I. Joughin},
     TITLE = {Widespread complex flow in the interior of the {A}ntarctic
              ice sheet},
      YEAR = {2000},
   JOURNAL = {Science},
    VOLUME = {287},
     PAGES = {1248--1250},
}


@book {Barenblatt,
    AUTHOR = {G. I. Barenblatt},
     TITLE = {Scaling, {S}elf-similarity and {I}ntermediate {A}symptotics},
 PUBLISHER = {Cambridge Univ. Press},
      YEAR = {1996},
}
%    SERIES = {Cambridge Texts in Applied Mathematics},


@article {Blatter,
    AUTHOR = {H. Blatter},
     TITLE = {Velocity and stress fields in grounded glaciers: a simple algorithm
              for including deviatoric stress gradients},
      YEAR = {1995},
   JOURNAL = {J. Glaciol.},
    VOLUME = {41},
    NUMBER = {138},
     PAGES = {333--344},
}


@article {Bodvarsson,
    AUTHOR = {G. Bodvarsson},
     TITLE = {On the flow of ice-sheets and glaciers},
      YEAR = {1955},
   JOURNAL = {J\"okull.},
    VOLUME = {5},
     PAGES = {1--8},
}


@article {BLKCB,
    AUTHOR = {E. Bueler and C. S. Lingle and J. A. Kallen-Brown and
              D. N. Covey and L. N. Bowman},
     TITLE = {Exact solutions and numerical verification
              for isothermal ice sheets},
   JOURNAL = {J. Glaciol.},
    VOLUME = {51},
    NUMBER = {173},
     PAGES = {291--306},
      YEAR = {2005},
}


@article {BBL,
    AUTHOR = {E. Bueler and J. Brown and C. S. Lingle},
     TITLE = {Exact solutions to thermocoupled ice sheet models: effective tools
              for verification},
   JOURNAL = {J. Glaciol.},
      NOTE = {submitted},
      YEAR = {2006?},
}


@unpublished {BB,
    AUTHOR = {E. Bueler and J. Brown},
     TITLE = {On exact solutions and numerics for cold, shallow, and thermocoupled
              ice sheets},
      NOTE = {preprint preprint \texttt{arXiv:physics/0610106}},
      YEAR = {2006},
}


@article {BLKfastearth,
    AUTHOR = {E. Bueler and C. S. Lingle and J. A. Kallen-Brown},
     TITLE = {Fast computation of a viscoelastic deformable {E}arth model for
              ice sheet simulation},
   JOURNAL = {Ann. Glaciol.},
    VOLUME = {46},
      NOTE = {submitted},
      YEAR = {2006?},
}


@techreport {Bueler,
    AUTHOR = {Ed Bueler},
     TITLE = {Numerical approximation of a two--dimensional thermomechanical
              model for ice flow},
INSTITUTION = {University of Alaska, Fairbanks},
      TYPE = {Dept.~of Mathematical Sciences Tech.~Rep.},
    NUMBER = {02-02},
      YEAR = {2002},
}


@book {Bracewell,
    AUTHOR = {Ronald N. Bracewell},
     TITLE = {The {F}ourier {T}ransform and {I}ts {A}pplications},
 PUBLISHER = {McGraw-Hill Book Company},
   ADDRESS = {New York},
   EDITION = {2nd},
      YEAR = {1978},
}


@book {BriggsHenson,
    AUTHOR = {William L. Briggs and Van Emden Henson},
     TITLE = {The {DFT}:  {A}n {O}wner's {M}anual for the {D}iscrete
              {F}ourier {T}ransform},
 PUBLISHER = {SIAM Press},
   ADDRESS = {Philadelphia},
      YEAR = {1995},
}


@unpublished{BrownPresentation,
    AUTHOR = {J. Brown},
     TITLE = {Verifying PISM},
      NOTE = {{UAF} {M}aster's project presentation \verb|www.dms.uaf.edu/| $\sim$\verb|bueler/| \verb|slides_JedBrown.pdf|},
      YEAR = {2006},
}


@book {BurdenFaires,
    AUTHOR = {Burden, Richard L. and Faires, J. Douglas},
     TITLE = {Numerical {A}nalysis},
 PUBLISHER = {Brooks/Cole},
   ADDRESS = {Pacific Grove, CA},
      YEAR = {2001},
   EDITION = {Seventh},
}


@book {Cathles,
    AUTHOR = {Cathles, L. M.},
     TITLE = {The {V}iscosity of the {E}arth's {M}antle},
 PUBLISHER = {Princeton University Press},
   ADDRESS = {Princeton, NJ},
      YEAR = {1975},
}


@article {CDDSV,
    AUTHOR = {N. Calvo and others},
     TITLE = {On a doubly nonlinear parabolic obstacle problem modelling
              ice sheet dynamics},
      YEAR = {2002a},
   JOURNAL = {SIAM J. Appl. Math.},
    VOLUME = {63},
    NUMBER = {2},
     PAGES = {683--707},
}
%    AUTHOR = {N. Calvo and J. D\'iaz and J. Durany and E. Schiavi
%              and C. V\'azquez},


@article {CDV99,
    AUTHOR = {N. Calvo and J. D\'iaz and C. V\'azquez},
     TITLE = {Numerical approach of temperature distribution in a
              free boundary model for polythermal ice sheets},
      YEAR = {1999},
   JOURNAL = {Numer. Math.},
    VOLUME = {83},
     PAGES = {557-580},
}


@article {CDV02,
    AUTHOR = {N. Calvo and J. D\'iaz and C. V\'azquez},
     TITLE = {Numerical approach of thermomechanical coupled problems
              with moving boundaries in theoretical glaciology},
      YEAR = {2002},
  FJOURNAL = {Mathematical Models and Methods in Applied Sciences},
   JOURNAL = {Math. Models and Methods in Appl. Sci.},
    VOLUME = {12},
    NUMBER = {2},
     PAGES = {229-248},
}


@article {EISMINT96,
    AUTHOR = {P. Huybrechts and others},
     TITLE = {The {EISMINT} benchmarks for testing ice-sheet models},
   JOURNAL = {Ann. Glaciol.},
    VOLUME = {23},
     PAGES = {1--12},
      YEAR = {1996},
}


@article {EISMINT00,
    AUTHOR = {A. Payne and others},
     TITLE = {Results from the {EISMINT} model intercomparison: the effects of
              thermomechanical coupling},
   JOURNAL = {J. Glaciol.},
    VOLUME = {153},
     PAGES = {227--238},
      YEAR = {2000},
}


@techreport {ERCOFTACGuidelines,
    AUTHOR = {ERCOFTAC},
     TITLE = {Best {P}ractices {G}uidelines for {I}ndustrial
              {C}omputational {F}luid {D}ynamics},
INSTITUTION = {European Research Community On Flow, Turbulence And Combustion
               (ERCOFTAC)},
      NOTE = {Version 1.0},
      YEAR = {2000},
}


@book {Evans,
    AUTHOR = {Lawrence C. Evans},
     TITLE = {Partial differential equations},
    SERIES = {Graduate Studies in Mathematics},
    VOLUME = {19},
 PUBLISHER = {American Mathematical Society},
      YEAR = {1998},
}


@article {Farrell,
    AUTHOR = {W. E. Farrell},
     TITLE = {Deformation of the earth by surface loads},
   JOURNAL = {Rev. Geophysics and Space Physics},
    VOLUME = {10},
    NUMBER = {3},
     PAGES = {761--797},
      YEAR = {1972},
}


@unpublished {Fastook,
    AUTHOR = {James L. Fastook},
     TITLE = {A computationally efficient bedrock isostacy model},
      YEAR = {1999},
      NOTE = {unpublished},
}


@book {Fowler,
    AUTHOR = {A. C. Fowler},
     TITLE = {Mathematical Models in the Applied Sciences},
 PUBLISHER = {Cambridge Univ. Press},
      YEAR = {1997},
}
    %SERIES = {Cambridge Texts in Applied Mathematics},


@inproceedings{Fowler97A,
  AUTHOR =       {A. C. Fowler},
  editor =       {J. I. D\'iaz},
  BOOKTITLE =        {The Mathematics of Models for Climatology and Environment},
  TITLE =      {Glaciers and ice sheets},
  VOLUME = {48},
  PUBLISHER =    {Springer},
  YEAR =         {1997},
  PAGES = {301--336},
}


@book {Friedman,
    AUTHOR = {Anver Friedman},
     TITLE = {Variational inequalities and free boundary problems},
 PUBLISHER = {Wiley Interscience},
      YEAR = {1982},
}


@article {FoxMaule,
    AUTHOR = {C. Fox Maule and M. E. Purucker and N. Olsen and K. Mosegaard},
     TITLE = {Heat flux anomalies in {A}ntarctica revealed by satellite magnetic data},
   JOURNAL = {Science},
    VOLUME = {309},
     PAGES = {464--467},
      YEAR = {2005},
}


@article {Glen,
    AUTHOR = {J. W. Glen},
     TITLE = {The creep of polycrystalline ice},
   JOURNAL = {Proc. Royal Soc. London A},
    VOLUME = {228},
     PAGES = {519--538},
      YEAR = {1955},
}


@article {GoldsbyKohlstedt97,
    AUTHOR = {D. L. Goldsby and D. L. Kohlstedt},
     TITLE = {Grain boundary sliding in fine-grained ice {I}},
   JOURNAL = {Scripta Materialia},
    VOLUME = {37},
    NUMBER = {9},
     PAGES = {1399--1406},
      YEAR = {1997},
}


@article {GoldsbyKohlstedt,
    AUTHOR = {D. L. Goldsby and D. L. Kohlstedt},
     TITLE = {Superplastic deformation of ice: experimental observations},
   JOURNAL = {J. Geophys. Res.},
    VOLUME = {106},
    NUMBER = {M6},
     PAGES = {11017--11030},
      YEAR = {2001},
}


@article {Greve,
    AUTHOR = {R. Greve},
     TITLE = {A continuum--mechanical formulation for shallow polythermal
              ice sheets},
   JOURNAL = {Phil. Trans. Royal Soc. London A},
    VOLUME = {355},
     PAGES = {921--974},
      YEAR = {1997},
}


@inproceedings {Greve2001,
    AUTHOR = {Ralf Greve},
     TITLE = {Glacial isostasy: {M}odels for the response
of the {E}arth to varying ice loads},
     PAGES = {307--325},
      YEAR = {2001},
  editor    = {Brian Straughan and others},
  BOOKTITLE = {Continuum {M}echanics and {A}pplications in
               {G}eophysics and the {E}nvironment},
  PUBLISHER = {Springer},
}


@phdthesis{HagdornThesis,
  Author = {Magnus K. M. Hagdorn},
   Title = {Reconstruction of the past and forecast of the future {E}uropean
            and {B}ritish ice sheets and associated sea–level change},
  School = {The University of Edinburgh},
    Year = {2003},
}

@article {Halfar81,
    AUTHOR = {P. Halfar},
     TITLE = {On the dynamics of the ice sheets},
   JOURNAL = {J. Geophys. Res.},
    VOLUME = {86},
    NUMBER = {C11},
     PAGES = {11065--11072},
      YEAR = {1981},
}


@article {Halfar83,
    AUTHOR = {P. Halfar},
     TITLE = {On the dynamics of the ice sheets 2},
   JOURNAL = {J. Geophys. Res.},
    VOLUME = {88},
    NUMBER = {C10},
     PAGES = {6043--6051},
      YEAR = {1983},
}


@article {Hindmarsh,
    AUTHOR = {R. C. A. Hindmarsh},
     TITLE = {Time--scales and degrees of freedom operating in the evolution
              of continental ice sheets},
   JOURNAL = {Trans. R. Soc. Edinburgh, Ser. Earth Sci.},
    VOLUME = {81},
    NUMBER = {4},
     PAGES = {371-384},
      YEAR = {1990},
}


@inproceedings{Hindmarsh01,
  AUTHOR    = {R. C. A. Hindmarsh},
  editor    = {Brian Straughan and others},
  BOOKTITLE = {Continuum {M}echanics and {A}pplications in
               {G}eophysics and the {E}nvironment},
  TITLE     = {Notes on basic glaciological computational methods
               and algorithms},
  PUBLISHER = {Springer},
  YEAR      = {2001},
  PAGES     = {222--249},
}


@article {HindmarshPayne,
    AUTHOR = {R. C. A. Hindmarsh and A. J. Payne},
     TITLE = {Time--step limits for stable solutions of the ice--sheet equation},
   JOURNAL = {Ann. Glaciol.},
    VOLUME = {23},
     PAGES = {74--85},
      YEAR = {1996},
}


@article {Hooke,
    AUTHOR = {R. Hooke},
     TITLE = {Flow law for polycrystalline ice in glaciers: comparison of
              theoretical predictions, laboratory data, and field measurements},
   JOURNAL = {Rev. Geophys. Space. Phys.},
    VOLUME = {19},
    NUMBER = {4},
     PAGES = {664--672},
      YEAR = {1981},
}


@book {Hutter,
    AUTHOR = {K. Hutter},
     TITLE = {Theoretical {G}laciology},
 PUBLISHER = {D. Reidel},
      YEAR = {1983},
}

@article {Hutter93,
    AUTHOR = {K. Hutter},
     TITLE = {Thermomechanically coupled ice--sheet response:
              cold, polythermal, temperate},
   JOURNAL = {J. Glaciology},
    VOLUME = {39},
    NUMBER = {131},
     PAGES = {65--86},
      YEAR = {1993},
}


@article {Huybrechts90,
    AUTHOR = {P. Huybrechts},
     TITLE = {A 3--{D} model for the {A}ntarctic ice sheet: a sensitivity study
              on the glacial--interglacial contrast},
   JOURNAL = {Climate Dynamics},
    VOLUME = {5},
     PAGES = {79--92},
      YEAR = {1990},
}


@article {IvinsJames2005,
    AUTHOR = {Erik R. Ivins and Thomas S. James},
     TITLE = {Antarctic glacial isostatic adjustment: a new assessment},
   JOURNAL = {Antarctic Science},
    VOLUME = {17},
    NUMBER = {4},
     PAGES = {537--549},
      YEAR = {2005},
}


@article {JamesIvins1998,
    AUTHOR = {Thomas S. James and Erik R. Ivins},
     TITLE = {Predictions of {A}ntarctic crustal motions driven by present-day
              ice sheet evolution and by isostatic memory of the {L}ast {G}lacial
              {M}aximum},
   JOURNAL = {J. Geophys. Res.},
    VOLUME = {103},
     PAGES = {4993--5017},
      YEAR = {1998},
}


@article {Jenssen,
    AUTHOR = {D. Jenssen},
     TITLE = {A three--dimensional polar ice--sheet model},
   JOURNAL = {J. Glaciol.},
    VOLUME = {18},
     PAGES = {373--389},
      YEAR = {1977},
}

@book {Johnson,
    AUTHOR = {Claes Johnson},
     TITLE = {Numerical solution of partial differential equations by
              the finite element method},
 PUBLISHER = {Cambridge University Press},
      YEAR = {1992},
}


@article {JohnsonFastook,
    AUTHOR = {J.V. Johnson and J. L. Fastook},
     TITLE = {Northern {H}emisphere glaciation and its sensitivity to
              basal melt water},
   JOURNAL = {Quat. Int.},
    VOLUME = {95},
     PAGES = {65--74},
      YEAR = {2002},
}


@book {KS,
    AUTHOR = {David Kinderlehrer and Guido Stampacchia},
     TITLE = {An introduction to variational inequalities and their
              applications},
    SERIES = {Pure and Applied Mathematics},
    VOLUME = {88},
 PUBLISHER = {Academic Press},
      YEAR = {1980},
}


@article {KlemannWolf,
    AUTHOR = {V. Klemann and D. Wolf},
     TITLE = {Implications of a ductile crustal layer for the deformation caused by
              the Fennoscandian ice sheet},
   JOURNAL = {Geophys. J. Int.},
    VOLUME = {139},
      YEAR = {1999},
     PAGES = {216--226},
}


@article {Larsenetal,
    AUTHOR = {Christopher F. Larsen and Roman J. Motyka and Jeffrey T. Freymuller
              and Keith A. Echelmeyer and Erik R. Ivins},
     TITLE = {Rapid viscoelastic uplift in southeast {A}laska caused by post-{L}ittle
              {I}ce {A}ge glacial retreat},
   JOURNAL = {Earth and Planetary Science Letters},
    VOLUME = {237},
      YEAR = {2005},
     PAGES = {548--560},
}


@article {LeMeurHuybrechts,
    AUTHOR = {E. Le Meur and P. Huybrechts},
     TITLE = {A comparison of different ways of dealing with isostasy: examples
              from modeling the {A}ntarctic ice sheet during the last glacial cycle},
   JOURNAL = {Annals of Glaciology},
    VOLUME = {23},
      YEAR = {1996},
     PAGES = {309--317},
}


@article {LeysingerVieliGudmundsson,
    AUTHOR = {G. J.-M. C. {Leysinger Vieli} and G. H. Gudmundsson},
     TITLE = {On estimating length fluctuations of glaciers caused
              by changes in climatic forcing},
   JOURNAL = {J. Geophys. Res.},
    VOLUME = {109},
      YEAR = {2004},
      NOTE = {F01007, doi:10.1029/2003JF000027}
}


@article {LingleClark,
    AUTHOR = {C. S. Lingle and J. A. Clark},
     TITLE = {A numerical model of interactions between a marine ice sheet and
              the solid earth: {A}pplication to a {W}est {A}ntarctic ice stream},
   JOURNAL = {J. Geophys. Res.},
    VOLUME = {90},
    NUMBER = {C1},
      YEAR = {1985},
     PAGES = {1100--1114},
}

@article {LingleTroshina,
    AUTHOR = {C. S. Lingle and E. N. Troshina},
     TITLE = {Relative magnitudes of shear and longitudinal strain rates in
              the inland {A}ntarctic ice sheet, and response to increasing
              accumulation},
   JOURNAL = {Ann. Glaciol.},
    VOLUME = {27},
      YEAR = {1998},
     PAGES = {187--193},
}

@article {MacAyeal,
    AUTHOR = {D. R. MacAyeal},
     TITLE = {Large-scale ice flow over a viscous basal sediment: theory and
              application to ice stream {B}, {A}ntarctica},
   JOURNAL = {J. Geophys. Res.},
    VOLUME = {94},
    NUMBER = {B4},
      YEAR = {1989},
     PAGES = {4071--4087},
}

@article {MacAyealetal,
    AUTHOR = {D. R. MacAyeal and V. Rommelaere and Ph. Huybrechts and C.L. Hulbe and
              J. Determann and C. Ritz},
     TITLE = {An ice-shelf model test based on the {R}oss ice shelf},
   JOURNAL = {Ann. Glaciol.},
    VOLUME = {23},
      YEAR = {1996},
     PAGES = {46--51},
}

@article {Mahaffy,
    AUTHOR = {M. W. Mahaffy},
     TITLE = {A three--dimensional numerical model of ice sheets: tests on the
              {B}arnes {I}ce {C}ap, {N}orthwest {T}erritories},
   JOURNAL = {J. Geophys. Res.},
    VOLUME = {81},
    NUMBER = {6},
     PAGES = {1059--1066},
      YEAR = {1976},
}


@book {MetcalfReid,
    AUTHOR = {Michael Metcalf and John Reid},
     TITLE = {{FORTRAN} 90/95 {E}xplained},
   EDITION = {Second},
 PUBLISHER = {Oxford University Press},
      YEAR = {1999},
}


@inproceedings{Morland,
  AUTHOR    = {L. W. Morland},
  editor    = {C. J. van der Veen and J. Oerlemans},
  BOOKTITLE = {Dynamics of the {W}est {A}ntarctic ice sheet},
  TITLE     = {Unconfined ice-shelf flow},
  PUBLISHER = {Kluwer Academic Publishers},
  YEAR      = {1987},
  PAGES     = {99--116},
}


@inproceedings{MorlandZainuddin,
  AUTHOR    = {L. W. Morland and R. Zainuddin},
  editor    = {C. J. van der Veen and J. Oerlemans},
  BOOKTITLE = {Dynamics of the {W}est {A}ntarctic ice sheet},
  TITLE     = {Plane and radial ice-shelf flow with prescribed temperature profile},
  PUBLISHER = {Kluwer Academic Publishers},
  YEAR      = {1987},
  PAGES     = {117--140},
}


@book {MortonMayers,
    AUTHOR = {K. W. Morton and D. F. Mayers},
     TITLE = {Numerical {S}olutions of {P}artial {D}ifferential {E}quations:
              {A}n {I}ntroduction},
 PUBLISHER = {Cambridge University Press},
 edition   = {second},
      YEAR = {2005},
}


@techreport {NPARCTutorial,
    AUTHOR = {John W. Slater},
     TITLE = {Tutorial on {CFD} {V}erification and {V}alidation},
INSTITUTION = {NPARC Alliance},
      TYPE = {Web site tutorial},
      NOTE = {Much of the material follows AIAA G-077-1998, ``Guide for the
              Verification and Validation of Computational Fluid Dynamics
              Simulations.''  URL:
              \texttt{www.grc.nasa.gov/WWW/wind/valid/tutorial/tutorial.html}},
      YEAR = {2001},
}


@article {Nye52,
    AUTHOR = {J. F. Nye},
     TITLE = {The mechanics of glacier flow},
   JOURNAL = {J. Glaciol.},
    VOLUME = {2},
    NUMBER = {2},
     PAGES = {82--93},
      YEAR = {1952},
}


@article {Nye,
    AUTHOR = {J. F. Nye},
     TITLE = {The distribution of stress and velocity in glaciers and
              ice-sheets},
   JOURNAL = {Proc. Royal Soc. London A},
    VOLUME = {239},
     PAGES = {113--133},
      YEAR = {1957},
}


@article {Nye00,
    AUTHOR = {J. F. Nye},
     TITLE = {A flow model for the polar caps of {M}ars},
   JOURNAL = {J. Glaciol.},
    VOLUME = {46},
    NUMBER = {154},
     PAGES = {438--444},
      YEAR = {2000},
}


@article {Oerlemansetal,
    AUTHOR = {J. Oerlemans, B. Anderson, A. Hubbard, Ph. Huybrechts,
              T. Johannesson, W.H. Knap, M. Schmeits, A.P. Stroeven,
              R.S.W. van de Wal, J. Wallinga, and Z. Zuo},
     TITLE = {Modelling the response of glaciers to climate warming},
   JOURNAL = {Climate Dynamics},
    VOLUME = {14},
     PAGES = {267--274},
      YEAR = {1998},
}

@book{OerlemansVeen,
    AUTHOR = {H. Oerlemans and C. J. van der Veen},
     TITLE = {Ice sheets and climate},
 PUBLISHER = {D. Reidel},
      YEAR = {1984},
}


@book{Paterson,
    AUTHOR = {W. S. B. Paterson},
     TITLE = {The {P}hysics of {G}laciers},
 PUBLISHER = {Pergamon},
   EDITION = {3rd},
      YEAR = {1994},
}


@article {PatersonBudd,
    AUTHOR = {W. S. B. Paterson and W. F. Budd},
     TITLE = {Flow parameters for ice sheet modeling},
   JOURNAL = {Cold Reg. Sci. Technol.},
    VOLUME = {6},
    NUMBER = {2},
     PAGES = {175--177},
      YEAR = {1982},
}


@article {PayneBaldwin,
    AUTHOR = {A. J. Payne and D. J. Baldwin},
     TITLE = {Analysis of ice--flow instabilities identified in the {EISMINT}
              intercomparison exercise},
   JOURNAL = {Ann. Glaciol.},
    VOLUME = {30},
     PAGES = {204--210},
      YEAR = {2000},
}


@article {PayneDongelmans,
    AUTHOR = {A. J. Payne and P. W. Dongelmans},
     TITLE = {Self--organization in the thermomechanical flow of ice sheets},
   JOURNAL = {J. Geophys. Res.},
    VOLUME = {102},
    NUMBER = {B6},
     PAGES = {12219--12233},
      YEAR = {1997},
}

@article {PelissierReynaud,
    AUTHOR = {M. C. P\`elissier and L. Reynaud},
     TITLE = {\'{E}tude d'un mod\`ele d'\'ecoulement de glacier},
      JOURNAL = {C. R. Acad. Sci. Paris},
      VOLUME = {279},
      NUMBER = {13},
      PAGES = {531--534},
      YEAR = {1974},
}

@article {Peltier,
    AUTHOR = {W. R. Peltier},
     TITLE = {The impulse response of a {M}axwell earth},
   JOURNAL = {Rev. Geophys. Space Phys.},
    VOLUME = {12},
     PAGES = {649--669},
      YEAR = {1974},
}


@article {Peltieretal,
    AUTHOR = {W. R. Peltier and D. L. Goldsby and D. L. Kohlstedt and L. Tarasov},
     TITLE = {Ice--age ice--sheet rheology: constraints from the last {G}lacial
              {M}aximum form of the {L}aurentide ice sheet},
   JOURNAL = {Ann. Glaciol.},
    VOLUME = {30},
     PAGES = {163--176},
      YEAR = {2000},
}


@Misc{petsc-web-page,
  Author    = "{PETSc web page}",
   Note     = "\texttt{http://www.mcs.anl.gov/petsc}",
   Year     = "2006",
}

@TechReport{petsc-user-ref,
    Author     = "S. Balay and eight others",
   Title       = "{PETS}c Users Manual",
   Number      = "ANL-95/11 - Revision 2.1.5",
   Institution = "Argonne National Laboratory",
   Year              = "2004"}

@InProceedings{petsc-efficient,
    Author     = "Satish Balay and William D. Gropp and Lois Curfman McInnes and Barry F. Smith",
   Title          = "Efficient Management of Parallelism in Object Oriented Numerical Software Libraries",
    Booktitle  = "Modern Software Tools in Scientific Computing",
    Editor       = "E. Arge and A. M. Bruaset and H. P. Langtangen",
    Pages       = "163--202",
    Publisher = "Birkh{\"{a}}user Press",
    Year           = "1997"}

@Misc{pism-web-page,
  Author    = "{PISM web page}",
   Note     = "\texttt{https://www.gna.org/projects/pism}",
   Year     = "2006",
}

@book {quadpack,
    AUTHOR = {R. Piessens and E. deDoncker-Kapenga and C. Uberhuber and D. Kahaner},
     TITLE = {Quadpack: a {S}ubroutine {P}ackage for {A}utomatic {I}ntegration},
    SERIES = {Series in Computational Mathematics},
    VOLUME = {1},
 PUBLISHER = {Springer Verlag},
      YEAR = {1983},
}


@article {Pollacketal,
    AUTHOR = {Henry N. Pollack and Suzanne J. Hurter and Jeffrey R. Johnson},
     TITLE = {Heat flow from the {E}arth's interior: analysis of the global data set},
      YEAR = {1993},
   JOURNAL = {Rev. Geophys.},
    VOLUME = {31},
    NUMBER = {3},
     PAGES = {267--280},
}


@book {Pressetal,
    AUTHOR = {W. H. Press and S. A. Teukolsky and W. T. Vetterling
              and B. P. Flannery},
     TITLE = {Numerical {R}ecipes in {F}ortran: {T}he {A}rt of {S}cientific
              {C}omputing},
   EDITION = {2nd},
 PUBLISHER = {Cambridge University Press},
      YEAR = {1992},
}

@article {Reehetal,
    AUTHOR = {Niels Reeh and Erik Lintz Christensen and Christoph Mayer
              and Ole B. Olesen},
     TITLE = {Tidal bending of glaciers: a linear viscoelastic approach},
      YEAR = {2003},
   JOURNAL = {Ann. Glaciol.},
    VOLUME = {37},
    NUMBER = {1},
     PAGES = {83--89},
}


@book {ReedSimon,
    AUTHOR = {Reed, Michael and Simon, Barry},
     TITLE = {Methods of {M}odern {M}athematical {P}hysics {I}},
   EDITION = {2nd},
 PUBLISHER = {Academic Press},
      YEAR = {1980},
}


@article {Reynaud,
    AUTHOR = {L. Reynaud},
     TITLE = {Flow of a valley glacier with a solid friction law},
      JOURNAL = {J. Glaciol.},
      VOLUME = {12},
      NUMBER = {65},
      PAGES = {251--258},
      YEAR = {1973},
}

@article {Ritzetal2001,
    AUTHOR = {Catherine Ritz and Vincent Rommelaere and Christophe Dumas},
     TITLE = {Modeling the evolution of {A}ntarctic ice sheet over the last 420,000 years:
              {I}mplications for altitude changes in the {V}ostok region},
   JOURNAL = {J. Geophys. Res.},
    VOLUME = {102},
    NUMBER = {B6},
     PAGES = {12219--12233},
      YEAR = {1997},
}

@book {Roache,
    AUTHOR = {Roache, P.J.},
     TITLE = {{V}erification and {V}alidation in {C}omputational {S}cience and
              {E}ngineering},
 PUBLISHER = {Hermosa Publishers},
   ADDRESS = {Albuquerque, New Mexico},
      YEAR = {1998},
}


@article {ASMEJFE,
    AUTHOR = {P. J. Roache and K. Ghia and F. White},
     TITLE = {Editorial policy statement on the control of numerical accuracy},
      YEAR = {1986},
   JOURNAL = {ASME Journal of Fluids Engineering},
    VOLUME = {108},
    NUMBER = {1},
     PAGES = {2},
}


@inproceedings{RodriguesUrbano,
  AUTHOR =       {J. F. Rodrigues and J. M. Urbano},
  BOOKTITLE =        "Free {B}oundary {P}roblems: {T}heory and {A}pplications",
  TITLE =  "On the mathematical analysis of a valley glacier model",
  PUBLISHER =    "Chapman \& Hall",
  SERIES = "CRC Res. Notes Math.",
  VOLUME = "409",
  PAGES = "237--245",
  YEAR =         "1999",
}

@article {SaitoEISMINT,
    AUTHOR = {F. Saito and A. Abe-Ouchi and H. Blatter},
     TITLE = {European {I}ce {S}heet {M}odelling {I}nitiative ({EISMINT}) model
              intercomparison experiments with first-order mechanics},
   JOURNAL = {J. Geophys. Res.},
    VOLUME = {111},
      NOTE = {\texttt{{F}02012, doi:10.1029/2004{JF}000273}},
      YEAR = {2006},
}


@article {SaitoAbeOuchi,
    AUTHOR = {F. Saito and A. Abe-Ouchi},
     TITLE = {Sensitivity of {G}reenland ice sheet simulation to the numerical
              procedure employed for ice-sheet dynamics},
   JOURNAL = {Ann. Glaciol.},
    VOLUME = {42},
      YEAR = {2005},
}


@article {SchoofTill,
    AUTHOR = {C. Schoof},
     TITLE = {Variational methods for glacier flow over plastic till},
      JOURNAL = {J. Fluid Mech.},
      NOTE = {in press},
      YEAR = {2006},
}

@article {SchoofStream,
    AUTHOR = {C. Schoof},
     TITLE = {A variational approach to ice stream flow},
      JOURNAL = {J. Fluid Mech.},
      NOTE = {in press},
      YEAR = {2006},
}

@article {ShapiroRitzwoller,
    AUTHOR = {N. M. Shapiro and M. H. Ritzwoller},
     TITLE = {Inferring surface heat flux distributions guided by a global
              seismic model: particular application to Antarctica},
   JOURNAL = {Earth and Planetary Science Letters},
    VOLUME = {223},
      YEAR = {2004},
     PAGES = {213--224},
}


@book {Sneddon,
    AUTHOR = {Ian N. Sneddon},
     TITLE = {{F}ourier {T}ransforms},
 PUBLISHER = {McGraw-Hill Book Company},
   ADDRESS = {New York},
      YEAR = {1951},
}


@book {Trefethen,
    AUTHOR = {L. N. Trefethen},
     TITLE = {Spectral {M}ethods in {MATLAB}},
 PUBLISHER = {SIAM Press},
      YEAR = {2000},
}


@book {TrefethenBau,
    AUTHOR = {L. N. Trefethen and D. Bau},
     TITLE = {Numerical {L}inear {A}lgebra},
 PUBLISHER = {SIAM Press},
      YEAR = {1997},
}


@phdthesis{Waddington,
    AUTHOR = {E. D. Waddington},
     TITLE = {Accurate modelling of glacier flow},
INSTITUTION = {University of British Columbia},
NOTE = {University of British Columbia},
      YEAR = {1981},
}


@book {Wesseling,
    AUTHOR = {Pieter Wesseling},
     TITLE = {Principles of {C}omputational {F}luid {D}ynamics},
 PUBLISHER = {Springer-Verlag},
      YEAR = {2001},
}


@BOOK{vanderVeen,
    AUTHOR = {C. J. van der Veen},
     TITLE = {Fundamentals of {G}lacier {D}ynamics},
 PUBLISHER = {Balkema},
      YEAR = {1999},
}


@inproceedings{Vazquez,
  AUTHOR =       {J. L. Vazquez},
  editor =       "Delfour",
  BOOKTITLE =        "Shape Optimization and Free Boundaries",
  TITLE =  "An introduction to the mathematical theory of the porous medium
            equation",
  PUBLISHER =    "Kluwer",
  YEAR =         "1992",
}


@inproceedings{Vialov,
  AUTHOR =       {S. S. Vialov},
  BOOKTITLE = {International Association of Scientific Hydrology Publication 47
              (Symposium at Chamonix 1958---Physics of the movement of ice)},
  TITLE = {Regularities of glacial shields movement and the theory of plastic
           viscous flow},
  YEAR  = {1958},
  PAGES = {266-275},
}


@article {VostokCore,
    AUTHOR = {{{EPICA} community members}},
     TITLE = {Eight glacial cycles from an {A}ntarctic ice core},
      YEAR = {2004},
   JOURNAL = {Nature},
    VOLUME = {429},
     PAGES = {623--628},
    NOTE = {doi: 10.1038/nature02599},
}


@book {Watson,
    AUTHOR = {Watson, G. N.},
     TITLE = {A {T}reatise on the {T}heory of {B}essel {F}unctions},
 PUBLISHER = {Cambridge University Press},
   ADDRESS = {New York},
      YEAR = {1966},
}


@article {ZweckHuybrechts,
    AUTHOR = {Chris Zweck and Philippe Huybrechts},
     TITLE = {Modeling of the northern hemisphere ice sheets during the last
              glacial cycle and glaciological sensitivity},
      YEAR = {2005},
   JOURNAL = {J. Geophysical Research},
    VOLUME = {110},
    NOTE = {D07103, doi:10.1029/2004JD005489},
}
